@article{bakker2017job,
  title={Job demands--resources theory: taking stock and looking forward.},
  author={Bakker, Arnold B and Demerouti, Evangelia},
  journal={Journal of occupational health psychology},
  volume={22},
  number={3},
  pages={273},
  year={2017},
  publisher={Educational Publishing Foundation}
}

@article{cavanaugh2000empirical,
  title={An empirical examination of self-reported work stress among US managers.},
  author={Cavanaugh, Marcie A and Boswell, Wendy R and Roehling, Mark V and Boudreau, John W},
  journal={Journal of applied psychology},
  volume={85},
  number={1},
  pages={65},
  year={2000},
  publisher={American Psychological Association}
}

@article{downes2021incorporating,
  title={Incorporating job demand variability into job demands theory: A meta-analysis},
  author={Downes, Patrick E and Reeves, Cody J and McCormick, Brian W and Boswell, Wendy R and Butts, Marcus M},
  journal={Journal of Management},
  volume={47},
  number={6},
  pages={1630--1656},
  year={2021},
  publisher={SAGE Publications Sage CA: Los Angeles, CA}
}

@article{bakker2014job,
  title={Job demands--resources theory},
  author={Bakker, Arnold B and Demerouti, Evangelia},
  journal={Wellbeing: A complete reference guide},
  pages={1--28},
  year={2014},
  publisher={John Wiley \& Sons, Ltd Chichester, UK}
}

@article{bakker2018multiple,
  title={Multiple levels in job demands-resources theory: Implications for employee well-being and performance},
  author={Bakker, Arnold B and Demerouti, E},
  journal={Handbook of well-being},
  year={2018},
  publisher={DEF Salt Lake City\^{} eUT UT}
}

@article{sonnega2018comparison,
  title={A comparison of subjective and objective job demands and fit with personal resources as predictors of retirement timing in a national US sample},
  author={Sonnega, Amanda and Helppie-McFall, Brooke and Hudomiet, Peter and Willis, Robert J and Fisher, Gwenith G},
  journal={Work, aging and retirement},
  volume={4},
  number={1},
  pages={37--51},
  year={2018},
  publisher={Oxford University Press UK}
}

@article{lepine2005meta,
  title={A meta-analytic test of the challenge stressor--hindrance stressor framework: An explanation for inconsistent relationships among stressors and performance},
  author={LePine, Jeffery A and Podsakoff, Nathan P and LePine, Marcie A},
  journal={Academy of management journal},
  volume={48},
  number={5},
  pages={764--775},
  year={2005},
  publisher={Academy of Management Briarcliff Manor, NY 10510}
}

@article{searle2015merits,
  title={The merits of measuring challenge and hindrance appraisals},
  author={Searle, Ben J and Auton, Jaime C},
  journal={Anxiety, Stress, \& Coping},
  volume={28},
  number={2},
  pages={121--143},
  year={2015},
  publisher={Taylor \& Francis}
}

@article{webster2011extending,
  title={Extending the challenge-hindrance model of occupational stress: The role of appraisal},
  author={Webster, Jennica R and Beehr, Terry A and Love, Kevin},
  journal={Journal of Vocational Behavior},
  volume={79},
  number={2},
  pages={505--516},
  year={2011},
  publisher={Elsevier}
}

@book{lazarus1984stress,
  title={Stress, appraisal, and coping},
  author={Lazarus, Richard S and Folkman, Susan},
  year={1984},
  publisher={Springer publishing company}
}

@article{demerouti2001job,
  title={The job demands-resources model of burnout.},
  author={Demerouti, Evangelia and Bakker, Arnold B and Nachreiner, Friedhelm and Schaufeli, Wilmar B},
  journal={Journal of Applied psychology},
  volume={86},
  number={3},
  pages={499},
  year={2001},
  publisher={American Psychological Association}
}